@article{AAC-conditional-use,
  author =       {Jeff Sigafoos and Erik Drasgow},
  title =        {Conditional Use of Aided and Unaided AAC: A Review and Clinical Case Demonstration},
  journal =      {Focus On Autism And Other Developmental Disabilities},
  year =         2001,
  volume =       16,
  number =       {3},
  pages =        {152-161}
}

@Online{escaping-tabs,
  title =        {Progressive Web Apps: Escaping Tabs Without Losing Our Soul},
  year =         {2015},
  url =          {https://infrequently.org/2015/06/progressive-apps-escaping-tabs-without-losing-our-soul/},
  urldate =      {2018-06-25}
}

@Online{typescript-modules,
  title =        {TypeScript Documentation - Modules},
  year =         {2019},
  url =          {https://www.typescriptlang.org/docs/handbook/modules.html},
  urldate =      {2019-01-17}
}

@Online{typescript-classes,
  title =        {TypeScript Documentation - Classes},
  year =         {2019},
  url =          {https://www.typescriptlang.org/docs/handbook/classes.html},
  urldate =      {2019-01-17}
}

@Online{ionic-documentation,
  title =        {Ionic Documentation},
  year =         {2019},
  url =          {https://ionicframework.com/docs},
  urldate =      {2019-01-04}
}

@Online{google-pwa-marketing,
  title =        {Progressive Web Apps},
  year =         {2018},
  url =          {https://developers.google.com/web/progressive-web-apps/},
  urldate =      {2018-06-26}
}

@Article{color-preference-autism,
  author =       {Marine Grandgeorge and Nobuo Masataka},
  title =        {Atypical Color Preference in Children with Autism Spectrum Disorder},
  journal =      {Frontiers in Psychology},
  year =         2016,
  volume =       7,
  doi =          {10.3389/fpsyg.2016.01976}
}

@Online{autism-friendly-websites,
  title =        {Designing autism-friendly websites},
  year =       {2018},
  url =          {https://www.autism.org.uk/professionals/others/website-design.aspx},
  urldate =      {2018-06-28}
}

@Article{frankston-pwa,
  author =       {Bob Frankston},
  title =        {Progressive Web Apps},
  journal =      {IEEE Consumer Electronics Magazine},
  year =         2018,
  volume =       16,
  number =       {3},
  pages =        {106-107},
  doi =          {10.1109/MCE.2017.2776463}
}

@Online{pwa-design-challenges,
  title =        {PWA Design Challenges},
  year =       {2018},
  url =          {https://divante.co/blog/pwa-design-challenges/},
  urldate =      {2018-06-30}
}

@Online{good-and-bad-angular,
  title =        {The Good and the Bad of Angular Development},
  year =         {2018},
  url =          {https://www.altexsoft.com/blog/engineering/the-good-and-the-bad-of-angular-development/},
  urldate =      {2018-12-29}
}

@Article{concrete-versus-verbal,
  author =       {Bobbie Vaughn and Robert Horner},
  title =        {Effects of concrete versus verbal choice systems on problem behavior},
  journal =      {Augmentative and Alternative Communication},
  year =         {1995},
  volume =       {11},
  number =       {2},
  pages =        {89-92},
  doi =          {10.1080/07434619512331277179}
}

@Online{beginners-guide-pwa,
  title =        {A Beginner’s Guide to Progressive Web Apps},
  year =         {2017},
  url =          {https://appinstitute.com/a-beginners-guide-to-progressive-web-apps/},
  urldate =      {2018-07-03}
}

@Article{AAC-interventions,
  author =       {Débora R. P. Nunes},
  title =        {AAC Interventions for Autism: a Research Summary},
  journal =      {International Journal of Special Education},
  year =         {2008},
  volume =       {23},
  number =       {2},
  pages =        {17-26}
}

@Book{maharry-typescript,
  author =       {Dan Maharry},
  title =        {TypeScript Revealed},
  publisher =    {Apress},
  year =         2013,
  edition =      1,
  address =      {New York City, NY}
}

@Book{norman-doet,
  author =       {Don Norman},
  title =        {The Design of Everyday Things},
  publisher =    {Basic Books},
  year =         2013,
  edition =      3,
  address =      {New York City, NY}
}

@Article{strachey-fundamentals,
  author =       {Christopher Strachey},
  title =        {Fundamental Concepts in Programming Languages},
  journal =      {Higher-Order and Symbolic Computation},
  year =         2000,
  volume =       13,
  number =       {1--2},
  pages =        {11--49},
  doi =          {10.1023/A:1010000313106}
}

@Article{understanding-typescript,
  author =       {Gavin Bierman, Martin Abadi and Mads Torgersen},
  title =        {Understanding TypeScript},
  journal =      {Lecture Notes in Computer Science},
  year =         2014,
  volume =       8586,
  pages =        {257--281},
  doi =          {978-3-662-44202-9_11}
}
