@Article{AAC-conditional-use,
  author =       {Jeff Sigafoos and Erik Drasgow},
  title =        {Conditional Use of Aided and Unaided AAC: A Review and Clinical Case Demonstration},
  journal =      {Focus On Autism And Other Developmental Disabilities},
  year =         2001,
  volume =       16,
  number =       {3},
  pages =        {152-161}
}

@Online{escaping-tabs,
  title =        {Progressive Web Apps: Escaping Tabs Without Losing Our Soul},
  year =       {2015},
  url =          {https://infrequently.org/2015/06/progressive-apps-escaping-tabs-without-losing-our-soul/},
  urldate =      {2018-06-25}
}

@Online{google-pwa-marketing,
  title =        {Progressive Web Apps},
  year =       {2018},
  url =          {https://developers.google.com/web/progressive-web-apps/},
  urldate =      {2018-06-26}
}

@Article{color-preference-autism,
  author =       {Marine Grandgeorge and Nobuo Masataka},
  title =        {Atypical Color Preference in Children with Autism Spectrum Disorder},
  journal =      {Frontiers in Psychology},
  year =         2016,
  volume =       7,
  doi =          {10.3389/fpsyg.2016.01976}
}

@Online{autism-friendly-websites,
  title =        {Designing autism-friendly websites},
  year =       {2018},
  url =          {https://www.autism.org.uk/professionals/others/website-design.aspx},
  urldate =      {2018-06-28}
}

@Article{frankston-pwa,
  author =       {Bob Frankston},
  title =        {Progressive Web Apps},
  journal =      {IEEE Consumer Electronics Magazine},
  year =         2018,
  volume =       16,
  number =       {3},
  pages =        {106-107},
  doi =          {10.1109/MCE.2017.2776463}
}

@Online{pwa-design-challenges,
  title =        {PWA Design Challenges},
  year =       {2018},
  url =          {https://divante.co/blog/pwa-design-challenges/},
  urldate =      {2018-06-30}
}

@Article{concrete-versus-verbal,
  author =       {Bobbie Vaughn and Robert Horner},
  title =        {Effects of concrete versus verbal choice systems on problem behavior},
  journal =      {Augmentative and Alternative Communication},
  year =         {1995},
  volume =       {11},
  number =       {2},
  pages =        {89-92},
  doi =          {10.1080/07434619512331277179}
}

@Online{beginners-guide-pwa,
  title =        {A Beginner’s Guide to Progressive Web Apps},
  year =       {2017},
  url =          {https://appinstitute.com/a-beginners-guide-to-progressive-web-apps/},
  urldate =      {2018-07-03}
}

@Article{AAC-interventionsl,
  author =       {Débora R. P. Nunes},
  title =        {AAC Interventions for Autism: a Research Summary},
  journal =      {International Journal of Special Education},
  year =         {2008},
  volume =       {23},
  number =       {2},
  pages =        {17-26}
}

%esimerkkejä

@manual{biblatex-manual,
  author =       {Philipp Lehman and others},
  title =        {The {biblatex} Package},
  subtitle =     {Programmable Bibliographies and Citations},
  date =         {2012-08},
  version =      {2.2},
  url =          {http://mirror.ctan.org/macros/latex/contrib/biblatex/doc/biblatex.pdf},
  urldate =      {2013-01-29}
}

@Book{lamport94:_latex,
  author =       {Leslie Lamport},
  title =        {{\LaTeX}},
  subtitle =     {A Document Preparation System},
  publisher =    {Addison--Wesley},
  year =         1994,
  edition =      2,
  address =      {Reading, MA}
}

@Article{strachey-fundamentals,
  author =       {Christopher Strachey},
  title =        {Fundamental Concepts in Programming Languages},
  journal =      {Higher-Order and Symbolic Computation},
  year =         2000,
  volume =       13,
  number =       {1--2},
  pages =        {11--49},
  doi =          {10.1023/A:1010000313106}
}

@Collection{making-software,
  editor =       {Andy Oram and Greg Wilson},
  title =        {Making Software},
  subtitle =     {What Really Works, and Why We Believe It},
  publisher =    {O'Reilly},
  year =         2011
}
@InCollection{prechelt-credibility,
  author =       {Lutz Prechelt and Marian Petre},
  title =        {Credibility, or Why Should I Insist on Being
                  Convinced},
  crossref =     {making-software},
  pages =        {17--34}
}

@Online{debian-social-contract,
  title =        {Debian Social Contract},
  year =         {2004},
  url =          {http://www.debian.org/social_contract.en.html},
  urldate =      {2013-01-29}
}
